@article{Engineering,
author = {Engineering, Electrical and Fellow, Sunfest},
file = {:C$\backslash$:/Users/Peter/Documents/DTU/7. semester/BSc/Referancer/13-Morales-report.pdf:pdf},
title = {{Tethering System for Unmanned Aerial Vehicles}}
}
@article{Gasparri,
author = {Gasparri, A and Naldi, R},
file = {:C$\backslash$:/Users/Peter/Documents/DTU/7. semester/BSc/Referancer/Naldi\_IROS\_2013\_WS.pdf:pdf},
pages = {1--21},
title = {{Aerial Robots â€¢ The Team of Heterogeneous Robots}}
}
@article{Kim,
author = {Kim, Soonkyum and Bhattacharya, S and Kumar, V},
file = {:C$\backslash$:/Users/Peter/Documents/DTU/7. semester/BSc/Referancer/tethered\_robot\_ICRA14\_0dc2a.pdf:pdf},
journal = {hans.math.upenn.edu},
title = {{Path Planning for a Tethered Mobile Robot}},
url = {http://hans.math.upenn.edu/~subhrabh/file\_cache/tethered\_robot\_ICRA14\_0dc2a.pdf}
}
@book{LindegaardNielsen2005,
author = {{Lindegaard Nielsen}, M.},
isbn = {9788757408027},
publisher = {Jurist- og \O konomforbundets forlag},
title = {{Power i projekter og portef\o ljer}},
year = {2005}
}
@article{Peverill2013,
author = {Peverill, James},
file = {:C$\backslash$:/Users/Peter/Documents/DTU/7. semester/BSc/Referancer/US20130233964.pdf:pdf},
number = {19},
title = {{Figure 1b}},
volume = {1},
year = {2013}
}
@article{Sandino2013,
author = {Sandino, Luis a. and Bejar, Manuel and Kondak, Konstantin and Ollero, Anibal},
doi = {10.1007/s10846-013-9910-y},
file = {:C$\backslash$:/Users/Peter/Documents/DTU/7. semester/BSc/Referancer/art\%3A10.1007\%2Fs10846-013-9910-y.pdf:pdf},
issn = {0921-0296},
journal = {Journal of Intelligent \& Robotic Systems},
keywords = {helicopter,model-based control,modeling,pid,stability,tethered systems,unmanned aerial systems},
month = oct,
number = {1-4},
pages = {3--18},
title = {{Advances in Modeling and Control of Tethered Unmanned Helicopters to Enhance Hovering Performance}},
url = {http://link.springer.com/10.1007/s10846-013-9910-y},
volume = {73},
year = {2013}
}
@misc{,
file = {:C$\backslash$:/Users/Peter/Documents/DTU/7. semester/BSc/Referancer/101315\_LF\_Erhvervet\_2013\_148x210\_web.pdf:pdf},
isbn = {9788787323178},
title = {{Fakta om erhvervet}},
year = {2013}
}
