@book{adams1980hitchhiker,
  title={The hitchhiker's guide to the galaxy},
  author={Adams, Douglas},
  isbn={9780517542095},
  lccn={80014572},
  series={Hitchhiker's Guide to the Galaxy Series},
  year={1980},
  publisher={Harmony Books}
}
